<?xml version="1.0" encoding="UTF-8"?><collection xmlns="http://www.loc.gov/MARC21/slim"><record><leader>00418nam--2200169-i-4500</leader><controlfield tag="001">000012050</controlfield><controlfield tag="002">20161230</controlfield><controlfield tag="005">20170114010643</controlfield><controlfield tag="008">060222s1000------------r-----000-0-eng-d</controlfield><datafield ind1=" " ind2=" " tag="080"><subfield code="a">621.039</subfield></datafield><datafield ind1=" " ind2=" " tag="100"><subfield code="a">Cahen, Gilbert</subfield></datafield><datafield ind1=" " ind2=" " tag="245"><subfield code="a">Precis de energie nucleaire. Preface de F.Perrin</subfield></datafield><datafield ind1=" " ind2=" " tag="260"><subfield code="a">Paris</subfield><subfield code="b">Dunod</subfield><subfield code="c">1957</subfield></datafield><datafield ind1=" " ind2=" " tag="300"><subfield code="a">XX + 294 p</subfield></datafield><datafield ind1=" " ind2=" " tag="700"><subfield code="a">Treille, P</subfield></datafield><datafield ind1=" " ind2=" " tag="852"><subfield code="a">12358</subfield></datafield><datafield ind1=" " ind2=" " tag="CAT"><subfield code="a">SYS</subfield><subfield code="c">20170114</subfield><subfield code="h">010643</subfield></datafield></record></collection>